@article{Allen-Cahn,
	title = {A microscopic theory for antiphase boundary motion and its application to antiphase domain coarsening},
	journaltitle = {Acta Metall.},
	author = {Allen, Stan and Cahn, James Widow},
	date = {1979},
	volume = {27},
	pages = {1084--1095}
}
